% Encoding: UTF-8

@article{Aggarwal2022,
  author = {Aggarwal, K. and Mijwil, M. M. and Sonia and Al-Mistarehi, A.H. and Alomari, S. and Gök, M. and Alaabdin, A. M. Z. and Abdulrhman, S. H.},
  date   = {2022-01-30},
  title  = {Has the Future Started? The Current Growth of Artificial Intelligence, Machine Learning, and Deep Learning},
  doi    = {10.52866/ijcsm.2022.01.01.013}
}

@inbook{Bisong2019,
  author    = {Bisong, E.},
  booktitle = {Building {Machine} {Learning} and {Deep} {Learning} {Models} on {Google} {Cloud} {Platform}},
  date      = {2019},
  title     = {Deploying an {End}-to-{End} {Machine} {Learning} {Solution} on {Kubeflow} {Pipelines}},
  doi       = {10.1007/978-1-4842-4470-8_47},
  isbn      = {9781484244708},
  pages     = {687--695},
  publisher = {Apress}
}

@article{Chandana2021,
  author       = {Chandana, E. P. and Nagaraj, G. C.},
  date         = {2021},
  journaltitle = {International Journal for Research in Applied Science and Engineering Technology},
  title        = {Development of {Kubeflow} {Components} in {DevOps} {Framework} for {Scalable} {Machine} {Learning} {Systems}},
  doi          = {10.22214/ijraset.2021.36419},
  issn         = {2321-9653},
  number       = {VI},
  pages        = {640--645},
  volume       = {9},
  publisher    = {International Journal for Research in Applied Science and Engineering Technology (IJRASET)}
}

@article{Jordan2015,
  author       = {Jordan, M. I. and Mitchell, T. M.},
  date         = {2015-07},
  journaltitle = {Science},
  title        = {Machine learning: Trends, perspectives, and prospects},
  doi          = {10.1126/science.aaa8415},
  number       = {6245},
  pages        = {255--260},
  urldate      = {2023-12-03},
  volume       = {349},
  publisher    = {American Association for the Advancement of Science (AAAS)}
}

@online{Kedro2024,
  author  = {Kedro},
  date    = {2024-01-26},
  title   = {Introduction to Kedro},
  url     = {https://docs.kedro.org/en/stable/introduction/index.html},
  urldate = {2024-02-12}
}


@online{Kubeflow2021,
  author  = {Kubeflow},
  title   = {Introduction | Kubeflow},
  url     = {https://www.kubeflow.org/docs/started/introduction/},
  urldate = {2023-12-03},
  year    = {2021}
}

@article{Nguyen2019,
  author       = {Nguyen, G. and Dlugolinsky, S. and Bobák, M. and Tran, V. and López García, Á. and Heredia, I. and Malík, P. and Hluchý, L.},
  date         = {2019-01-19},
  journaltitle = {Artificial Intelligence Review},
  title        = {Machine Learning and Deep Learning frameworks and libraries for large-scale data mining: a survey},
  doi          = {10.1007/s10462-018-09679-z},
  issn         = {1573-7462},
  number       = {1},
  pages        = {77--124},
  volume       = {52},
  publisher    = {Springer Science and Business Media LLC}
}


@inproceedings{Samad2018,
  author       = {Samad, M. D. and Witherow M. A.},
  booktitle    = {2018 9th {International} {Conference} on {Computing}, {Communication} and {Networking} {Technologies} ({ICCCNT})},
  date         = {2018-07},
  title        = {A {Machine} {Learning} {Pipeline} to {Optimally} {Utilize} {Limited} {Samples} in {Predictive} {Modeling}},
  doi          = {10.1109/icccnt.2018.8494100},
  organization = {IEEE},
  publisher    = {IEEE}
}


@article{Shaveta2023,
  author       = {{Shaveta}},
  date         = {2023-05},
  journaltitle = {International Journal of Science and Research Archive},
  title        = {A review on machine learning},
  doi          = {10.30574/ijsra.2023.9.1.0410},
  issn         = {2582-8185},
  number       = {1},
  pages        = {281--285},
  urldate      = {2023-12-03},
  volume       = {9},
  publisher    = {GSC Online Press}
}

@article{Singh2023,
  author       = {Nikhil, S. and Durgesh P. and Ankit R. and Shubham and Sukhmeet, K.},
  date         = {2023-05},
  journaltitle = {International Journal for Research in Applied Science and Engineering Technology},
  title        = {CI/{CD} {Pipeline} for {Web} {Applications}},
  doi          = {10.22214/ijraset.2023.52867},
  issn         = {2321-9653},
  number       = {5},
  pages        = {5218--5226},
  urldate      = {2023-12-03},
  volume       = {11},
  publisher    = {{International Journal for Research in Applied Science and Engineering Technology (IJRASET)}}
}

@inproceedings{Vadavalasa2020,
  author = {Vadavalasa, R. M.},
  title  = {End to end CI/CD pipeline for Machine Learning},
  url    = {https://www.ijariit.com/manuscripts/v6i3/V6I3-1581.pdf},
  month  = {07},
  year   = {2020}
}

@inbook{Yang2019,
  author    = {Yang, F. and Gustafson, S. and Elkholy, A. and Daoming, L. and Liu, B.},
  booktitle = {Genetic Programming Theory and Practice XVI},
  date      = {2019},
  title     = {Program {Search} for {Machine} {Learning} {Pipelines} {Leveraging} {Symbolic} {Planning} and {Reinforcement} {Learning}},
  doi       = {10.1007/978-3-030-04735-1_11},
  isbn      = {9783030047351},
  pages     = {209--231},
  publisher = {Springer International Publishing},
  issn      = {1932-0175}
}


@Article{Zhang2022,
  author       = {Zhang, H. and Zhen, G. and Xu, J. and Yao, X.},
  date         = {2022-04},
  journaltitle = {Mathematical Problems in Engineering},
  title        = {Research on the {Construction} and {Realization} of {Data} {Pipeline} in {Machine} {Learning} {Regression} {Prediction}},
  doi          = {10.1155/2022/7924335},
  editor       = {Jan, Naeem},
  issn         = {1024-123X},
  pages        = {1--5},
  urldate      = {2023-12-12},
  volume       = {2022},
  publisher    = {Hindawi Limited},
}

@Online{MLflow2023,
  author  = {MLflow},
  date    = {2023-11-14},
  title   = {MLflow: A Tool for Managing the Machine Learning Lifecycle},
  url     = {https://mlflow.org/docs/latest/index.html},
  urldate = {2024-03-17},
}

@Article{Mahesh2019,
  author  = {Mahesh, Batta},
  title   = {Machine Learning Algorithms -A Review},
  doi     = {10.21275/ART20203995},
  urldate = {2024-03-17},
  month   = {01},
  year    = {2019},
}

@Article{Schlegel2022,
  author    = {Schlegel, Marius and Sattler, Kai-Uwe},
  date      = {2022},
  title     = {Management of Machine Learning Lifecycle Artifacts: A Survey},
  doi       = {https://doi.org/10.48550/arXiv.2210.11831},
  urldate   = {2024-03-18},
  copyright = {arXiv.org perpetual, non-exclusive license},
  keywords  = {Databases (cs.DB), Machine Learning (cs.LG), Software Engineering (cs.SE), FOS: Computer and information sciences, FOS: Computer and information sciences},
  publisher = {arXiv},
}

@Article{NaveenVemuri2024,
  author    = {Naveen Vemuri, and Naresh Thaneeru, and Venkata Manoj Tatikonda,},
  date      = {2024},
  title     = {AI-Optimized DevOps for Streamlined Cloud CI/CD},
  doi       = {10.5281/ZENODO.10673085},
  urldate   = {2024-03-18},
  copyright = {Creative Commons Attribution 4.0 International},
  publisher = {Zenodo},
}

@Online{ZenML2024,
  author  = {ZenML},
  date    = {2024-02-02},
  title   = {Introduction},
  url     = {https://docs.zenml.io/getting-started/introduction},
  urldate = {2024-03-18},
}

@Online{Prefect2024,
  author  = {Prefect},
  title   = {Welcome to Prefect},
  url     = {https://docs.prefect.io/latest/},
  urldate = {2024-03-18},
}

@Book{Harenslak2021,
  author    = {Harenslak, Bas P and de Ruiter, Julian},
  title     = {Data pipelines with apache airflow},
  publisher = {Simon and Schuster},
  urldate   = {2024-03-19},
  year      = {2021},
}

@Online{ApacheAirflow2024,
  author       = {{Apache Airflow}},
  date         = {2024-02-27},
  title        = {What is Airflow™?},
  url          = {https://airflow.apache.org/docs/apache-airflow/stable/index.html},
  organization = {Apache Airflow},
  urldate      = {2024-03-19},
}

@Online{Luigi2024,
  author  = {Luigi},
  date    = {2024-01-23},
  title   = {Getting Started},
  url     = {https://luigi.readthedocs.io/en/stable/},
  urldate = {2024-03-20},
}

@Online{RedHat2023,
  author  = {RedHat},
  date    = {2023-12-12},
  url     = {https://www.redhat.com/en/topics/devops/what-is-ci-cd},
  urldate = {2024-03-20},
}

@Online{Tutorialandexample2020,
  author  = {Tutorialandexample},
  date    = {2020-11-21},
  title   = {Machine Learning Life Cycle},
  url     = {https://www.tutorialandexample.com/machine-learning-life-cycle},
  urldate = {2024-03-20},
}

@Comment{jabref-meta: databaseType:biblatex;}
