% Encoding: UTF-8

@Article{Jordan2015,
  author       = {Jordan, M. I. and Mitchell, T. M.},
  date         = {2015-07},
  journaltitle = {Science},
  title        = {Machine learning: Trends, perspectives, and prospects},
  number       = {6245},
  pages        = {255--260},
  volume       = {349},
  publisher    = {American Association for the Advancement of Science (AAAS)},
  urldate = {2023-12-03}
}

@Article{Shaveta2023,
  author       = {{Shaveta}},
  date         = {2023-05},
  journaltitle = {International Journal of Science and Research Archive},
  title        = {A review on machine learning},
  number       = {1},
  pages        = {281--285},
  volume       = {9},
  publisher    = {GSC Online Press},
  urldate = {2023-12-03}
}

@Article{Singh2023,
  author       = {Singh, Nikhil},
  date         = {2023-05},
  journaltitle = {International Journal for Research in Applied Science and Engineering Technology},
  title        = {CI/{CD} {Pipeline} for {Web} {Applications}},
  number       = {5},
  pages        = {5218--5226},
  volume       = {11},
  publisher    = {{International Journal for Research in Applied Science and Engineering Technology (IJRASET)}},
  urldate = {2023-12-03}
}

@Online{Kubeflow2021,
  author  = {Kubeflow},
  title   = {Introduction | Kubeflow},
  url     = {https://www.kubeflow.org/docs/started/introduction/},
  urldate = {2023-12-03},
  year    = {2021},
  urldate = {2023-12-03}
}

@Article{Stein2020,
  author = {{O. Stein} and {Michael Barth}},
  date   = {2020},
  title  = {Glenna2 {Nordic} {Cloud} {Aim3} {Target} 4 {Kubeflow} {Evaluation}},
}


@Article{NGC2021,
  author = {{Nagaraj G Cholli}},
  date   = {2021},
  title  = {Development of {Kubeflow} {Components} in {DevOps} {Framework} for {Scalable} {Machine} {Learning} {Systems}},
}


@InBook{Bisong2019,
  author    = {Bisong, Ekaba},
  booktitle = {Building {Machine} {Learning} and {Deep} {Learning} {Models} on {Google} {Cloud} {Platform}},
  date      = {2019},
  title     = {Deploying an {End}-to-{End} {Machine} {Learning} {Solution} on {Kubeflow} {Pipelines}},
  pages     = {687--695},
  publisher = {Apress},
}

@Article{JuhaHautamaeki1997,
  author = {{Juha Hautamäki}},
  date   = {1997},
  title  = {A {Survey} {Of} {Frameworks}},
}

@Article{Johnson1997,
  author       = {Johnson, Ralph E.},
  date         = {1997-10},
  journaltitle = {Communications of the ACM},
  title        = {Frameworks = (components + patterns)},
  number       = {10},
  pages        = {39--42},
  volume       = {40},
  publisher    = {Association for Computing Machinery (ACM)},
}

﻿
@InProceedings{Samad2018,
  author       = {Samad, Manar D. and Witherow, Megan A.},
  booktitle    = {2018 9th {International} {Conference} on {Computing}, {Communication} and {Networking} {Technologies} ({ICCCNT})},
  date         = {2018-07},
  title        = {A {Machine} {Learning} {Pipeline} to {Optimally} {Utilize} {Limited} {Samples} in {Predictive} {Modeling}},
  organization = {IEEE},
}


@Article{RMV2020,
  author = {{Ram Mohan Vadavalasa}},
  date   = {2020},
  title  = {End to end {CI}/{CD} pipeline for {Machine} {Learning}},
}


@Article{Zhang2022,
  author       = {Zhang, Hua and Zheng, Guoxun and Xu, Jun and Yao, Xuekun},
  date         = {2022-04},
  journaltitle = {Mathematical Problems in Engineering},
  title        = {Research on the {Construction} and {Realization} of {Data} {Pipeline} in {Machine} {Learning} {Regression} {Prediction}},
  editor       = {Jan, Naeem},
  pages        = {1--5},
  volume       = {2022},
  publisher    = {Hindawi Limited},
}


@InBook{Yang2019,
  author    = {Yang, Fangkai and Gustafson, Steven and Elkholy, Alexander and Lyu, Daoming and Liu, Bo},
  booktitle = {Genetic and {Evolutionary} {Computation}},
  date      = {2019},
  title     = {Program {Search} for {Machine} {Learning} {Pipelines} {Leveraging} {Symbolic} {Planning} and {Reinforcement} {Learning}},
  pages     = {209--231},
  publisher = {Springer International Publishing},
}

@Comment{jabref-meta: databaseType:biblatex;}
